<record><leader>00000cas a22000007a 4500</leader><controlfield tag="001">14472994</controlfield><controlfield tag="008">861022d189219uutxuwr ne      0    0eng d</controlfield><datafield ind1=" " ind2=" " tag="010"><subfield code="a">sn 86089737 </subfield></datafield><datafield ind1=" " ind2=" " tag="040"><subfield code="a">PPM</subfield><subfield code="b">eng</subfield><subfield code="c">PPM</subfield><subfield code="d">OCLCQ</subfield></datafield><datafield ind1=" " ind2=" " tag="042"><subfield code="a">msc</subfield></datafield><datafield ind1="0" ind2=" " tag="130"><subfield code="a">Lewisville enterprise (Lewisville, Tex. : 1892)</subfield></datafield><datafield ind1="1" ind2="0" tag="245"><subfield code="a">Lewisville enterprise.</subfield></datafield><datafield ind1="1" ind2="7" tag="246"><subfield code="a">Enterprise</subfield></datafield><datafield ind1=" " ind2=" " tag="260"><subfield code="a">Lewisville, Tex. :</subfield><subfield code="b">J.L. Harper</subfield></datafield><datafield ind1=" " ind2=" " tag="300"><subfield code="a">v. :</subfield><subfield code="b">ill.</subfield></datafield><datafield ind1=" " ind2=" " tag="310"><subfield code="a">Weekly</subfield></datafield><datafield ind1="1" ind2=" " tag="362"><subfield code="a">Began in 1892?</subfield></datafield><datafield ind1=" " ind2=" " tag="588"><subfield code="a">Description based on: Vol. 7, no. 37 (Aug. 15, 1905).</subfield></datafield><datafield ind1=" " ind2=" " tag="752"><subfield code="a">United States</subfield><subfield code="b">Texas</subfield><subfield code="c">Denton</subfield><subfield code="d">Lewisville.</subfield></datafield></record>